
@misc{álvarez_2021, 
    title = {Plumbers, chains, and famous painters: The (updated) history of the pipe operator in R}, 
    url = {http://adolfoalvarez.cl/blog/2021-09-16-plumbers-chains-and-famous-painters-the-history-of-the-pipe-operator-in-r/}, 
    journal = {Adolfo Álvarez Blog}, 
    author = {Álvarez, Adolfo}, 
    year = {2021}
}

@article{bridges_1989,
  title = {Analysis of a plant breeding experiment with heterogeneous variances using mixed model equations},
  author = {Bridges, William},
  year = {1989},
  journal = {Applications of mixed models in agriculture and related disciplines},
  pages = {45--51},
  langid = {en}
}

@article{casler_2015,
 author = {Casler, Michael D.},
 year = {2015},
 title = {Fundamentals of Experimental Design: Guidelines for Designing Successful Experiments},
 pages = {692--705},
 volume = {107},
 number = {2},
 journal = {Agronomy Journal},
 doi = {10.2134/agronj2013.0114}
}

@book{clewer_2001,
  title = {Practical statistics and experimental design for plant and crop science},
  author = {Clewer, Alan G and Scarisbrick, David H},
  publisher = {John Wiley \& Sons},
  year = {2001},
  address = {Chichester, England}
}

@book{dormann_2011,
 author = {Dormann, Carsten F. and K{\"u}hn, Ingolf},
 year = {2011},
 title = {Angewandte Statistik fur die biologischen Wissenschaften},
 edition = {2nd},
 institution = {{Helmholtz Zentrum fur Umweltforschung-UFZ}}
}

@book{gomez_1984,
  title     = {Statistical procedures for agricultural research},
  author    = {Gomez, Kwanchai A and Gomez, Arturo A},
  publisher = {John Wiley \& Sons},
  series    = {An International Rice Research Institute book},
  edition   = {2},
  year      = {1984},
  address   = {Nashville, TN},
  language  = {en}
}

@book{harrer_2021,
  doi = {10.1201/9781003107347},
  url = {https://doi.org/10.1201/9781003107347},
  year = {2021},
  publisher = {Chapman and Hall/{CRC}},
  author = {Mathias Harrer and Pim Cuijpers and Toshi A. Furukawa and David D. Ebert},
  title = {Doing Meta-Analysis with R}
}

@misc{heiss_2023,
  author = {Heiss, Andrew},
  title = {{D}ata {V}isualization with {R} - {D}ata {V}isualization},
  url = {https://datavizs23.classes.andrewheiss.com/},
  year = {2023},
  note = {[Accessed 04-Jun-2023]},
} 

@article{kozak_2018,
 author = {Kozak, Marcin and Piepho, Hans-Peter},
 year = {2018},
 title = {What's normal anyway? Residual plots are more telling than significance tests when checking ANOVA assumptions},
 pages = {86--98},
 volume = {204},
 number = {1},
 issn = {09312250},
 journal = {Journal of Agronomy and Crop Science},
 doi = {10.1111/jac.12220}
}

@book{mead_2002,
  author = {Mead, Roger and Curnow, Robert N. and Hasted, Anne M.},
  year = {2002},
  title = {Statistical Methods in Agriculture and Experimental Biology},
  edition = {3rd},
  isbn = {978-1-584-88187-2},
  publisher = {CRC Press}
}

@article{piepho_2003,
 author = {Piepho, H. P. and B{\"u}chse, A. and Emrich, K.},
 year = {2003},
 title = {A Hitchhiker's Guide to Mixed Models for Randomized Experiments},
 pages = {310--322},
 volume = {189},
 number = {5},
 journal = {Journal of Agronomy and Crop Science},
 doi = {10.1046/j.1439-037X.2003.00049.x}
}

@article{piepho_2004,
 author = {Piepho, H. P. and B{\"u}chse, A. and Richter, C.},
 year = {2004},
 title = {A Mixed Modelling Approach for Randomized Experiments with Repeated Measures},
 pages = {230--247},
 volume = {190},
 number = {4},
 journal = {Journal of Agronomy and Crop Science},
 doi = {10.1111/j.1439-037X.2004.00097.x}
}

@article{piepho_2004b,
  title = {An Algorithm for a Letter-Based Representation of All-Pairwise Comparisons},
  author = {Piepho, Hans-Peter},
  year = {2004},
  month = {06},
  date = {2004-06},
  journal = {Journal of Computational and Graphical Statistics},
  pages = {456--466},
  volume = {13},
  number = {2},
  doi = {10.1198/1061860043515},
  url = {http://dx.doi.org/10.1198/1061860043515},
  langid = {en}
}

@article{piepho_2018,
  title = {Letters in Mean Comparisons: What They Do and Don{\textquoteright}t Mean},
  author = {Piepho, Hans-Peter},
  year = {2018},
  month = {03},
  date = {2018-03},
  journal = {Agronomy Journal},
  pages = {431--434},
  volume = {110},
  number = {2},
  doi = {10.2134/agronj2017.10.0580},
  url = {http://dx.doi.org/10.2134/agronj2017.10.0580},
  langid = {en}
}

@article{piepho_2022,
  doi = {10.1017/s0021859622000466},
  url = {https://doi.org/10.1017/s0021859622000466},
  year = {2022},
  publisher = {Cambridge University Press ({CUP})},
  volume = {160},
  number = {6},
  pages = {459--482},
  author = {Hans-Peter Piepho and Doreen Gabriel and Jens Hartung and Andreas B\"{u}chse and Meike Grosse and Sabine Kurz and Friedrich Laidig and Volker Michel and Iain Proctor and Jan Erik Sedlmeier and Kathrin Toppel and D\"{o}rte Wittenburg},
  title = {One,  two,  three: portable sample size in agricultural research},
  journal = {The Journal of Agricultural Science}
}

@book{roback_2021,
  doi = {10.1201/9780429066665},
  url = {https://doi.org/10.1201/9780429066665},
  year = {2021},
  publisher = {Chapman and Hall/{CRC}},
  author = {Paul Roback and Julie Legler},
  title = {Beyond Multiple Linear Regression}
}

@book{ruiz_2023,
  doi = {10.1007/978-3-031-32800-8},
  url = {https://doi.org/10.1007/978-3-031-32800-8},
  year = {2023},
  publisher = {Springer International Publishing},
  author = {Josafhat Salinas Ru{\'{\i}}z and Osval Antonio Montesinos L{\'{o}}pez and Gabriela Hern{\'{a}}ndez Ram{\'{\i}}rez and Jose Crossa Hiriart},
  title = {Generalized Linear Mixed Models with Applications in Agriculture and Biology}
}

@misc{scherer_2022,
  title = {A ggplot2 Tutorial for Beautiful Plotting in R},
  url = {https://www.cedricscherer.com/2019/08/05/a-ggplot2-tutorial-for-beautiful-plotting-in-r/},
  journal = {Cédric Scherer Blog}, 
  author = {Scherer, Cédric},
  year = {2022}
}

@misc{scherer_2022b,
  title = {{G}raphic {D}esign with ggplot2 - {G}raphic {D}esign with ggplot2},
  url = {https://rstudio-conf-2022.github.io/ggplot2-graphic-design/},
  journal = {rstudio::conf(2022) Workshop},
  author = {Scherer, Cédric},  
  year = {2022}
}

@article{schmidt2019,
  title = {Heritability in Plant Breeding on a Genotype-Difference Basis},
  author = {Schmidt, Paul and Hartung, Jens and Bennewitz, {Jörn} and Piepho, Hans-Peter},
  year = {2019},
  month = {06},
  date = {2019-06-27},
  journal = {Genetics},
  pages = {991--1008},
  volume = {212},
  number = {4},
  doi = {10.1534/genetics.119.302134},
  url = {http://dx.doi.org/10.1534/genetics.119.302134},
  langid = {en}
}

@book{wickham_2016,
  author = {Wickham, Hadley},
  biburl = {https://www.bibsonomy.org/bibtex/2492a5bbc17cb7cf912089076a0b2ce56/pbett},
  comment = {new, 2nd edition},
  doi = {10.1007/978-3-319-24277-4},
  isbn = {978-3-319-24275-0},
  publisher = {Springer International Publishing},
  series = {Use R!},
  title = {ggplot2 Elegant Graphics for Data Analysis},
  url = {https://ggplot2-book.org/},
  year = {2016}
}

@book{wickham_2017,
  author = {Wickham, Hadley and Grolemund, Garrett},
  title = {R for Data Science: Import, Tidy, Transform, Visualize, and Model Data},
  year = {2017},
  isbn = {1491910399},
  publisher = {O'Reilly Media, Inc.},
  edition = {1st},
  url = {https://r4ds.had.co.nz/}
}

@book{wilke_2019,
  title = "{Fundamentals of data visualization}",
  author = "{Wilke, Claus O}",
  publisher = "{O'Reilly Media}",
  year = {2019},
  url = {https://clauswilke.com/dataviz/}
}
