
@article{piepho2018,
	title = {Letters in Mean Comparisons: What They Do and Don{\textquoteright}t Mean},
	author = {Piepho, Hans-Peter},
	year = {2018},
	month = {03},
	date = {2018-03},
	journal = {Agronomy Journal},
	pages = {431--434},
	volume = {110},
	number = {2},
	doi = {10.2134/agronj2017.10.0580},
	url = {http://dx.doi.org/10.2134/agronj2017.10.0580},
	langid = {en}
}

@article{piepho2004,
	title = {An Algorithm for a Letter-Based Representation of All-Pairwise Comparisons},
	author = {Piepho, Hans-Peter},
	year = {2004},
	month = {06},
	date = {2004-06},
	journal = {Journal of Computational and Graphical Statistics},
	pages = {456--466},
	volume = {13},
	number = {2},
	doi = {10.1198/1061860043515},
	url = {http://dx.doi.org/10.1198/1061860043515},
	langid = {en}
}

@article{schmidt2019,
	title = {Heritability in Plant Breeding on a Genotype-Difference Basis},
	author = {Schmidt, Paul and Hartung, Jens and Bennewitz, {JÃ¶rn} and Piepho, Hans-Peter},
	year = {2019},
	month = {06},
	date = {2019-06-27},
	journal = {Genetics},
	pages = {991--1008},
	volume = {212},
	number = {4},
	doi = {10.1534/genetics.119.302134},
	url = {http://dx.doi.org/10.1534/genetics.119.302134},
	langid = {en}
}
