
@misc{álvarez_2021, 
    title = {Plumbers, chains, and famous painters: The (updated) history of the pipe operator in R}, 
    url = {http://adolfoalvarez.cl/blog/2021-09-16-plumbers-chains-and-famous-painters-the-history-of-the-pipe-operator-in-r/}, 
    journal = {Adolfo Álvarez Blog}, 
    author = {Álvarez, Adolfo}, 
    year = {2021}
} 

@misc{CedricScherer_2022,
  title = {A ggplot2 Tutorial for Beautiful Plotting in R},
  url = {https://www.cedricscherer.com/2019/08/05/a-ggplot2-tutorial-for-beautiful-plotting-in-r/},
  journal = {Cédric Scherer Blog}, 
  author = {Scherer, Cédric},
  year = {2022}
}

@book{Wickham_2017,
  author = {Wickham, Hadley and Grolemund, Garrett},
  title = {R for Data Science: Import, Tidy, Transform, Visualize, and Model Data},
  year = {2017},
  isbn = {1491910399},
  publisher = {O'Reilly Media, Inc.},
  edition = {1st}
}


